@Article{Cortese2016,
  author    = {Cortese, Samuele and Ferrin, Maite and Brandeis, Daniel and Holtmann, Martin and Aggensteiner, Pascal and Daley, David and Santosh, Paramala and Simonoff, Emily and Stevenson, Jim and Stringaris, Argyris and others},
  title     = {Neurofeedback for attention-deficit/hyperactivity disorder: meta-analysis of clinical and neuropsychological outcomes from randomized controlled trials},
  journal   = {Journal of the American Academy of Child \& Adolescent Psychiatry},
  year      = {2016},
  volume    = {55},
  number    = {6},
  pages     = {444--455},
  publisher = {Elsevier},
	doi = {10.1016/j.jaac.2016.03.007}
}

@Book{Borenstein2009,
  title     = {Introduction to meta-analysis},
  publisher = {Wiley},
  year      = {2009},
  author    = {Borenstein, Michael and Hedges, Larry V and Higgins, Julian and Rothstein, Hannah R},
}

@misc{Bussalb2019,
  author = {Aurore Bussalb},
  title = {Meta-analysis statistical tools},
  year = {2019},
  publisher = {GitHub},
  journal = {GitHub repository},
  howpublished = {\url{https://github.com/AuroreBussalb/meta-analysis-statistical-tools}},
  commit = {}
}

@Article{Micoulaud2014,
  author    = {Micoulaud-Franchi, Jean-Arthur and Geoffroy, Pierre Alexis and Fond, Guillaume and Lopez, R{\'e}gis and Bioulac, St{\'e}phanie and Philip, Pierre},
  title     = {EEG neurofeedback treatments in children with ADHD: an updated meta-analysis of randomized controlled trials},
  journal   = {Frontiers in human neuroscience},
  year      = {2014},
  volume    = {8},
  publisher = {Frontiers Media SA},
	doi = {10.3389/fnhum.2014.00906}
}

@Article{Morris2008,
  author    = {Morris, Scott B},
  title     = {Estimating effect sizes from pretest-posttest-control group designs},
  journal   = {Organizational Research Methods},
  year      = {2008},
  volume    = {11},
  number    = {2},
  pages     = {364--386},
  publisher = {Sage Publications Sage UK: London, England},
	doi = {10.1177/1094428106291059}
}

@Article{Balk2012,
  author    = {Balk, Ethan M and Earley, Amy and Patel, Kamal and Trikalinos, Thomas A and Dahabreh, Issa J},
  title     = {Empirical assessment of within-arm correlation imputation in trials of continuous outcomes},
  year      = {2012},
  publisher = {Agency for Healthcare Research and Quality (US)},
}

@article{Sterne2011,
  title={Recommendations for examining and interpreting funnel plot asymmetry in meta-analyses of randomised controlled trials},
  author={Sterne, Jonathan AC and Sutton, Alex J and Ioannidis, John PA and Terrin, Norma and Jones, David R and Lau, Joseph and Carpenter, James and R{\"u}cker, Gerta and Harbord, Roger M and Schmid, Christopher H and others},
  journal={Bmj},
  volume={343},
  pages={d4002},
  year={2011},
  publisher={British Medical Journal Publishing Group}
}

@article{Egger1997,
  title={Bias in meta-analysis detected by a simple, graphical test},
  author={Egger, Matthias and Smith, George Davey and Schneider, Martin and Minder, Christoph},
  journal={Bmj},
  volume={315},
  number={7109},
  pages={629--634},
  year={1997},
  publisher={British Medical Journal Publishing Group}
}

@misc{ISO,
  author = {{International Electrotechnical Commission}},
  title={60601-2-26:2012}, 
	year={2012}
}

@incollection{Cohen1988,
  title={Statistical power analysis for the behavioral sciences 2nd edn},
  author={Cohen, Jacob},
  year={1988},
  publisher={Erlbaum Associates, Hillsdale}
}

@Article{Arns2009,
  author    = {Arns, Martijn and de Ridder, Sabine and Strehl, Ute and Breteler, Marinus and Coenen, Anton},
  title     = {Efficacy of neurofeedback treatment in ADHD: the effects on inattention, impulsivity and hyperactivity: a meta-analysis},
  journal   = {Clinical EEG and neuroscience},
  year      = {2009},
  volume    = {40},
  number    = {3},
  pages     = {180--189},
  publisher = {SAGE Publications Sage CA: Los Angeles, CA},
	doi = {10.1177/155005940904000311}
}

@Article{Maurizio2014,
  author    = {Maurizio, Stefano and Liechti, Martina Daniela and Heinrich, Hartmut and J{\"a}ncke, Lutz and Steinhausen, Hans-Christoph and Walitza, Susanne and Brandeis, Daniel and Drechsler, Renate},
  title     = {Comparing tomographic EEG neurofeedback and EMG biofeedback in children with attention-deficit/hyperactivity disorder},
  journal   = {Biological psychology},
  year      = {2014},
  volume    = {95},
  pages     = {31--44},
  publisher = {Elsevier},
	doi = {10.1016/j.biopsycho.2013.10.008}
}

@Article{Strehl2017,
  author    = {Strehl, Ute and Aggensteiner, Pascal and Wachtlin, Daniel and Brandeis, Daniel and Albrecht, Bjorn and Arana, Maria and Bach, Christiane and Banaschewski, Tobias and Bogen, Thorsten   
	            and Flaig-Rohr, Andrea and others},
  title     = {Neurofeedback of Slow Cortical Potentials in Children with Attention-Deficit/Hyperactivity Disorder: A Multicenter Randomized Trial Controlling for Unspecific Effects},
  journal   = {Frontiers in human neuroscience},
  year      = {2017},
  volume    = {11},
  publisher = {Frontiers Media SA},
	doi = {10.3389/fnhum.2017.00135}
}

@book{Shewhart1931,
  title={Economic control of quality of manufactured product},
  author={Shewhart, Walter Andrew},
  year={1931},
  publisher={ASQ Quality Press}
}

@article{Pedregosa2011,
  title={Scikit-learn: Machine learning in Python},
  author={Pedregosa, Fabian and Varoquaux, Ga{\"e}l and Gramfort, Alexandre and Michel, Vincent and Thirion, Bertrand and Grisel, Olivier and Blondel, Mathieu and Prettenhofer, Peter and Weiss, Ron and Dubourg, Vincent and others},
  journal={Journal of machine learning research},
  volume={12},
  number={Oct},
  pages={2825--2830},
  year={2011}
}

@inproceedings{Seabold2010,
  title={Statsmodels: Econometric and statistical modeling with python},
  author={Seabold, Skipper and Perktold, Josef},
  booktitle={Proceedings of the 9th Python in Science Conference},
  volume={57},
  pages={61},
  year={2010},
  organization={SciPy society Austin}
}

@incollection{Montgomery2012,
  title={Introduction to linear regression analysis},
  author={Montgomery, Douglas C and Peck, Elizabeth A and Vining, G Geoffrey},
  volume={821},
	pages={190--191},
	chapter={5},
  year={2012},
  publisher={John Wiley \& Sons}
}

@article{Tibshirani1996,
  title={Regression shrinkage and selection via the lasso},
  author={Tibshirani, Robert},
  journal={Journal of the Royal Statistical Society. Series B (Methodological)},
  pages={267--288},
  year={1996},
  publisher={JSTOR}
}

@article{Quinlan1986,
  title={Induction of decision trees},
  author={Quinlan, J. Ross},
  journal={Machine learning},
  volume={1},
  number={1},
  pages={81--106},
  year={1986},
  publisher={Springer}
}

@incollection{James2013,
  title={An introduction to statistical learning},
  author={James, Gareth and Witten, Daniela and Hastie, Trevor and Tibshirani, Robert},
  volume={112},
	chapter={8},
	pages={303--332},
  year={2013},
  publisher={Springer}
}